 @inbook{eac-parser,
   place           = {San Francisco, CA},
   edition         = 2,
   booktitle       = {Engineering a compiler},
   publisher       = {Morgan Kaufmann},
   author          = {Cooper, Keith D. and Torczon, Linda},
   year            = 2011,
   pages           = {60-71}
 }

 @inbook{eac-scanner,
   place           = {San Francisco, CA},
   edition         = 2,
   booktitle       = {Engineering a compiler},
   publisher       = {Morgan Kaufmann},
   author          = {Cooper, Keith D. and Torczon, Linda},
   year            = 2011,
   pages           = {110-111}
 }

 @inbook{visitor,
   title           = {Visitor Design Pattern},
   booktitle       = {"Design patterns: Elements of reuseable object - oriented
                   software"},
   publisher       = {Addison Wesley},
   year            = 2000,
   pages           = {331â€“332},
   howpublished    =
                   {<\url{https://archive.org/details/designpatternsel00gamm/page/332/mode/2up}>},
 }

 @book{wikivisitor,
   title           = {A sample class and sequence diagram for the Visitor design
                   pattern.},
   url             =
                   {https://commons.wikimedia.org/wiki/File:W3sDesign_Visitor_Design_Pattern_UML.jpg},
   journal         = {Wikimedia Commons},
   author          = {VandrerJoe},
   year            = 2006,
   month           = {Oct}
 }
